@inproceedings{rav2006making,
  title={Making a long video short: Dynamic video synopsis},
  author={Rav-Acha, Alex and Pritch, Yael and Peleg, Shmuel},
  booktitle={2006 IEEE Computer Society Conference on Computer Vision and Pattern Recognition (CVPR'06)},
  volume={1},
  pages={435--441},
  year={2006},
  organization={IEEE}
},
@article{pritch2008nonchronological,
  title={Nonchronological video synopsis and indexing},
  author={Pritch, Yael and Rav-Acha, Alex and Peleg, Shmuel},
  journal={IEEE transactions on pattern analysis and machine intelligence},
  volume={30},
  number={11},
  pages={1971--1984},
  year={2008},
  publisher={IEEE}
},
@inproceedings{rodriguez2010cram,
  title={CRAM: Compact representation of actions in movies},
  author={Rodriguez, Mikel},
  booktitle={2010 IEEE Computer Society Conference on Computer Vision and Pattern Recognition},
  pages={3328--3335},
  year={2010},
  organization={IEEE}
},
@inproceedings{pritch2009clustered,
  title={Clustered synopsis of surveillance video},
  author={Pritch, Yael and Ratovitch, Sarit and Hendel, Avishai and Peleg, Shmuel},
  booktitle={2009 Sixth IEEE International Conference on Advanced Video and Signal Based Surveillance},
  pages={195--200},
  year={2009},
  organization={IEEE}
},
@inproceedings{porter2003shortest,
  title={A shortest path representation for video summarisation},
  author={Porter, Sarah V and Mirmehdi, Majid and Thomas, Barry T},
  booktitle={12th International Conference on Image Analysis and Processing, 2003. Proceedings.},
  pages={460--465},
  year={2003},
  organization={IEEE}
},
@inproceedings{zivkovic2004improved,
  title={Improved adaptive Gaussian mixture model for background subtraction.},
  author={Zivkovic, Zoran and others},
  booktitle={ICPR (2)},
  pages={28--31},
  year={2004},
  organization={Citeseer}
},
@inproceedings{redmon2016you,
  title={You only look once: Unified, real-time object detection},
  author={Redmon, Joseph and Divvala, Santosh and Girshick, Ross and Farhadi, Ali},
  booktitle={Proceedings of the IEEE conference on computer vision and pattern recognition},
  pages={779--788},
  year={2016}
}